@article{davis2013fiber,
  title={Fiber optic technology and its role in the information revolution},
  author={Davis, Christopher C},
  journal={Retrieved June},
  volume={5},
  pages={2014},
  year={2013}
}

@article{paschotta2019rayleigh,
	title={article on '{R}ayleigh {S}cattering'},
	author={Paschotta, R},
	journal={RP Photonics Encyclopedia},
	year={2019},
	note={Retrieved on November 8, 2019},
}

@article{miley2015nfc,
	title={{N}{F}{C} Facts and Applications That Will Broaden Your Mind},
	author={Smiley, S},
	journal={RFID Insider},
	year={2015},
	note={Retrieved on November 8, 2019},
}