@BOOK{Smith:2012qr,
	title = {{B}ook {T}itle},
	publisher = {Publisher},
	author = {Smith, J.~M. and Jones, A.~B.},
	year = {2012},
	edition = {7th},
}

@ARTICLE{Smith:2013jd,
	author = {Jones, A.~B. and Smith, J.~M.},
	title = {{A}rticle {T}itle},
	journal = {Journal title},
	year = {2013},
	volume = {13},
	pages = {123-456},
	number = {52},
	month = {March},
	publisher = {Publisher}
}

@article{davis2013fiber,
  title={Fiber optic technology and its role in the information revolution},
  author={Davis, Christopher C},
  journal={Retrieved June},
  volume={5},
  pages={2014},
  year={2013}
}

@article{paschotta2019rayleigh,
	title={article on '{R}ayleigh {S}cattering'},
	author={Paschotta, R},
	journal={RP Photonics Encyclopedia},
	note={Retrieved on November 8, 2019}
}